@BOOK{discr_math,
author = "Новиков ",
title = "Дискретная математика: Учебник для вузов. 3-е изд. Стандарт третьего поколения",
publisher = "ПИТЕР УДВ",
year = 2019,
numpages = 496,
language = "russian"
}
